%% This BibTeX bibliography file was created using BibDesk.
%% https://bibdesk.sourceforge.io/

%% Created for 邹文荣 at 2023-05-03 17:07:40 +0800 


%% Saved with string encoding Unicode (UTF-8) 



@book{Kna92,
	author = {Anthony W. Knapp},
	date-added = {2023-05-03 17:04:11 +0800},
	date-modified = {2023-05-03 17:07:29 +0800},
	publisher = {Princeton University Press},
	title = {Elliptic Curves},
	year = {1992}}

@book{Atk70,
	author = {Atkin, A. O. L. and Lehner, J.},
	date-added = {2023-03-21 09:13:19 +0800},
	date-modified = {2023-03-21 09:16:02 +0800},
	publisher = {Math. Ann},
	title = {Hecke operators on $\Gamma_0(m)$},
	year = {1970}}

@book{Mil06,
	author = {J.S. Milne},
	date-added = {2023-03-21 09:09:18 +0800},
	date-modified = {2023-03-21 09:10:52 +0800},
	publisher = {BookSurge Publishers},
	title = {Elliptic Curves},
	year = {2006}}

@book{Fry05,
	author = {Fred Diamond and Jerry Shurman},
	date-added = {2023-03-21 08:47:46 +0800},
	date-modified = {2023-03-21 09:09:14 +0800},
	publisher = {Springer New York, NY},
	rating = {5},
	read = {1},
	series = {Series Title Graduate Texts in Mathematics},
	title = {A First Course in Modular Forms},
	volume = {228},
	year = {2005}}
